% This file was created with JabRef 2.9b2.
% Encoding: ISO8859_1

@ARTICLE{Geim2001,
  author = {Geim, A. K. and ter Tisha, H. A. M. S.},
  title = {Detection of earth rotation with a diamagnetically levitating gyroscope},
  journal = {Physica B: Condensed Matter},
  year = {2001},
  volume = {294--295},
  pages = {736--739},
  quality = {1}
}

